<?xml version="1.0" encoding="utf-8"?>
<record xmlns="http://www.loc.gov/MARC21/slim" xmlns:xsi="http://www.w3.org/2001/XMLSchema-instance" xsi:schemaLocation="http://www.loc.gov/MARC21/slim http://www.loc.gov/standards/marcxml/schema/MARC21slim.xsd">
	<leader>     nam a22     Mi 4500</leader>
	<controlfield tag="001">b12390458</controlfield>
	<controlfield tag="003">LeBAU</controlfield>
	<controlfield tag="006">m        d        </controlfield>
	<controlfield tag="007">cr cn |||m|||a</controlfield>
	<controlfield tag="008">190920s1955    ua a    o     ||0 0 ara d</controlfield>
	<datafield ind1=" " ind2=" " tag="040">
		<subfield code="a">ZYU</subfield>
		<subfield code="b">ara</subfield>
		<subfield code="e">rda</subfield>
		<subfield code="c">ZYU</subfield>
	</datafield>
	<datafield ind1="0" ind2="4" tag="082">
		<subfield code="a">297.64</subfield>
		<subfield code="2">22</subfield>
	</datafield>
	<datafield ind1="1" ind2=" " tag="100">
		<subfield code="6">880-01</subfield>
		<subfield code="a">Nabhānī, Yūsuf ibn Ismāʻīl,</subfield>
		<subfield code="d">1849 or 1850-1932,</subfield>
		<subfield code="e">author.</subfield>
	</datafield>
	<datafield ind1="1" ind2="0" tag="245">
		<subfield code="6">880-02</subfield>
		<subfield code="a">al-Dalālāt al-wāḍiḥāt :</subfield>
		<subfield code="b">ḥāshiyah mukhtāṣarah ʻalá dalāʼil al-khayrāt ; Wa-yalīhā al-Mubashshirāt al-manāmīyah nabawīyah wa-ghayr nabawīyah /</subfield>
		<subfield code="c">ta’līf al-Shaykh Yūsuf ibn Ismāʻīl al-Nabhānī, ra’īs Maḥkamat al-Ḥuqūq al-ʻUlyā bi-Bayrūt sābiqan.</subfield>
	</datafield>
	<datafield ind1="3" ind2="0" tag="246">
		<subfield code="6">880-03</subfield>
		<subfield code="a">Ḥāshiyah mukhtārah ʻalá dalā’il al-khayrāt</subfield>
	</datafield>
	<datafield ind1=" " ind2=" " tag="250">
		<subfield code="6">880-04</subfield>
		<subfield code="a">al-Ṭabʻah al-thānīyah.</subfield>
	</datafield>
	<datafield ind1=" " ind2="1" tag="264">
		<subfield code="6">880-05</subfield>
		<subfield code="a">Miṣr :</subfield>
		<subfield code="b">Sharikat Maktabat wa-Maṭbaʻat Muṣṭafá al-Bābī al-Ḥalabī wa-Awlāduh,</subfield>
		<subfield code="c">1375 H. = 1955 M.</subfield>
	</datafield>
	<datafield ind1=" " ind2=" " tag="300">
		<subfield code="6">880-06</subfield>
		<subfield code="a">online resource (168 pages) :</subfield>
		<subfield code="b">illustrations</subfield>
	</datafield>
	<datafield ind1=" " ind2=" " tag="336">
		<subfield code="a">text</subfield>
		<subfield code="2">rdacontent</subfield>
	</datafield>
	<datafield ind1=" " ind2=" " tag="337">
		<subfield code="a">computer</subfield>
		<subfield code="2">rdamedia</subfield>
	</datafield>
	<datafield ind1=" " ind2=" " tag="338">
		<subfield code="a">online resource</subfield>
		<subfield code="2">rdacarrier</subfield>
	</datafield>
	<datafield ind1=" " ind2=" " tag="500">
		<subfield code="a">Part of the Arabic Collections Online (ACO) project, contributed by American University of Beirut's Jafet Memorial Library.</subfield>
	</datafield>
	<datafield ind1=" " ind2=" " tag="533">
		<subfield code="a">Electronic reproduction.</subfield>
		<subfield code="b">New York, N.Y. :</subfield>
		<subfield code="c">New York University,</subfield>
		<subfield code="d">2019.</subfield>
		<subfield code="5">NNU</subfield>
	</datafield>
	<datafield ind1="0" ind2="0" tag="600">
		<subfield code="6">880-07</subfield>
		<subfield code="a">Jazūlī, Muḥammad ibn Sulaymān,</subfield>
		<subfield code="d">-1465.</subfield>
		<subfield code="t">Dalāʼil al-khayrāt.</subfield>
	</datafield>
	<datafield ind1="1" ind2="0" tag="600">
		<subfield code="6">880-08</subfield>
		<subfield code="a">Muḥammad,</subfield>
		<subfield code="c">Prophet,</subfield>
		<subfield code="d">-632</subfield>
		<subfield code="v">Prayers and devotions</subfield>
		<subfield code="v">Early works to 1800.</subfield>
	</datafield>
	<datafield ind1=" " ind2="0" tag="650">
		<subfield code="6">880-09</subfield>
		<subfield code="a">Islam</subfield>
		<subfield code="x">Prayers and devotions</subfield>
		<subfield code="v">Early works to 1800.</subfield>
	</datafield>
	<datafield ind1="1" ind2="2" tag="700">
		<subfield code="6">880-10</subfield>
		<subfield code="a">Nabhānī, Yūsuf ibn Ismāʻīl,</subfield>
		<subfield code="d">1849 or 1850-1932.</subfield>
		<subfield code="t">Mubashshirāt al-manāmīyah nabawīyah wa-ghayr nabawīyah.</subfield>
	</datafield>
	<datafield ind1="2" ind2=" " tag="710">
		<subfield code="a">Jafet Memorial Library.</subfield>
	</datafield>
	<datafield ind1="0" ind2=" " tag="730">
		<subfield code="a">Arabic Collections Online.</subfield>
	</datafield>
	<datafield ind1="0" ind2="8" tag="776">
		<subfield code="i">Print version:</subfield>
		<subfield code="a">Nabhānī, Yūsuf ibn Ismāʻīl, 1849 or 1850-1932, author.</subfield>
		<subfield code="t">al-Dalālāt al-wāḍiḥāt</subfield>
		<subfield code="w">(LeBAU)b12390458</subfield>
	</datafield>
	<datafield ind1="0" ind2=" " tag="787">
		<subfield code="6">880-11</subfield>
		<subfield code="i">is abridgement of (work)</subfield>
		<subfield code="4">http://rdaregistry.info/Elements/w/P10125:</subfield>
		<subfield code="a">Jazūlī, Muḥammad ibn Sulaymān, -1465.</subfield>
		<subfield code="t">Dalāʼil al-khayrāt.</subfield>
		<subfield code="d">1271 [H.], [1954? M.].</subfield>
		<subfield code="m">manuscript</subfield>
		<subfield code="w">(OCoLC)784517134</subfield>
		<subfield code="w">(OCoLC)784517134</subfield>
	</datafield>
	<datafield ind1="4" ind2="0" tag="856">
		<subfield code="u">http://hdl.handle.net/2333.1/rn8pk8fc</subfield>
	</datafield>
	<datafield ind1="1" ind2=" " tag="880">
		<subfield code="6">100-01</subfield>
		<subfield code="a">النبهاني، يوسف بن اسماعيل،</subfield>
		<subfield code="d">1849 او 1850-1932،</subfield>
		<subfield code="e">مؤلف.</subfield>
		<subfield code="4">aut.</subfield>
	</datafield>
	<datafield ind1="1" ind2="3" tag="880">
		<subfield code="6">245-02</subfield>
		<subfield code="a">الدلالات الواضحات :</subfield>
		<subfield code="b">حاشية مختصرة على دلائل الخيرات ؛ ويليها المبشرات المنامية نبوية وغير نبوية /</subfield>
		<subfield code="c">تأليف الشيخ يوسف بن إسماعيل النبهاني، رئيس محمكة الحقوق العليا ببيروت سابقاً.</subfield>
	</datafield>
	<datafield ind1="3" ind2="0" tag="880">
		<subfield code="6">246-03</subfield>
		<subfield code="a">حاشية مختصرة على دلائل الخيرات</subfield>
	</datafield>
	<datafield ind1=" " ind2=" " tag="880">
		<subfield code="6">250-04</subfield>
		<subfield code="a">الطبعة الثانية.</subfield>
	</datafield>
	<datafield ind1=" " ind2="1" tag="880">
		<subfield code="6">264-05</subfield>
		<subfield code="a">مصر :</subfield>
		<subfield code="b">شركة مكتبة ومطبعة مصطفى البابي الحلبي وأولاده،</subfield>
		<subfield code="c">1375 هـ. = 1955 م.</subfield>
	</datafield>
	<datafield ind1=" " ind2=" " tag="880">
		<subfield code="6">300-06</subfield>
		<subfield code="a">168 صفحة :</subfield>
		<subfield code="b">مصورات ؛</subfield>
		<subfield code="c">20 سم</subfield>
	</datafield>
	<datafield ind1=" " ind2=" " tag="880">
		<subfield code="6">500-00</subfield>
		<subfield code="a">&quot;روجعت دلائل الخيرات على نسخة المؤلف التي صححها بقلمه على النسخة السهلية الشهيرة، وغيرها من نسخ العلماء الأعلام في المدينة المنورة وفاس والشام.&quot;</subfield>
	</datafield>
	<datafield ind1="1" ind2="4" tag="880">
		<subfield code="6">600-07</subfield>
		<subfield code="a">الجزولي، محمد بن سليمان،</subfield>
		<subfield code="d">-1465.</subfield>
		<subfield code="t">دلائل الخيرات.</subfield>
	</datafield>
	<datafield ind1="0" ind2="4" tag="880">
		<subfield code="6">600-08</subfield>
		<subfield code="a">محمد،</subfield>
		<subfield code="c">النبي،</subfield>
		<subfield code="d">-632</subfield>
		<subfield code="x">كتب الصلوات والعبادات</subfield>
		<subfield code="v">اعمال قديمة حتى 1800.</subfield>
	</datafield>
	<datafield ind1=" " ind2="4" tag="880">
		<subfield code="6">650-09</subfield>
		<subfield code="a">الاسلام</subfield>
		<subfield code="x">كتب الصلوات والعبادات</subfield>
		<subfield code="v">اعمال قديمة حتى 1800.</subfield>
	</datafield>
	<datafield ind1="1" ind2="2" tag="880">
		<subfield code="6">700-10</subfield>
		<subfield code="a">النبهاني، يوسف بن اسماعيل،</subfield>
		<subfield code="d">1849-1932.</subfield>
		<subfield code="t">المبشرات المنامية نبوية وغير نبوية.</subfield>
	</datafield>
	<datafield ind1="0" ind2=" " tag="880">
		<subfield code="6">787-11</subfield>
		<subfield code="i">مختصر ل (عمل)</subfield>
		<subfield code="4">http://rdaregistry.info/Elements/w/P10125:</subfield>
		<subfield code="a">الجزولي، محمد بن سليمان، -1465.</subfield>
		<subfield code="t">دلائل الخيرات.</subfield>
		<subfield code="d">1271 [هـ.]، [1954؟ م.].</subfield>
		<subfield code="m">مخطوطة</subfield>
		<subfield code="w">b12805488</subfield>
		<subfield code="w">(OCoLC)784517134</subfield>
	</datafield>
	<datafield ind1=" " ind2=" " tag="959">
		<subfield code="a">NNU</subfield>
		<subfield code="b">WEB</subfield>
		<subfield code="c">GENI</subfield>
		<subfield code="t">0</subfield>
		<subfield code="m">Electronic access</subfield>
		<subfield code="s">01</subfield>
	</datafield>
	<datafield ind1=" " ind2=" " tag="999">
		<subfield code="i">LeBAU_b12390458</subfield>
		<subfield code="s">aub_aco002576</subfield>
		<subfield code="e">(ERROR-MISC)</subfield>
		<subfield code="s">aub_aco002576</subfield>
	</datafield>
</record>
